@article{patel,
  author  = {Patel, Shail and Schlijper, Antoine},
  title   = {Models of Consumer Behaviour},
  journal = {Unilever corporate research},
  year    = {2016}
}
@book{kalman,
  author = {R. E. Kalman and R. S. Bucy},
  title = {New result in linear filtering and production theory},
  year = {1961}
}
@book{wilsky,
  author = {Willsky, Alan S.},
  title = {Detection of abrupt changes in dynamic systems},
  year = {1986},
  address   = {77, Berlin, Springer-Verlag}
}
@article{pantland,
  author  = {Peentland, Alex and Liu, Andrew},
  title   = {Modeling and Prediction of Human Behavior},
  journal = {Neural Computation},
  year    = {1999},
  number  = {2},
  volume = {11},
  pages   = {220-240}
}
@article{luarn,
  author  = {Luarn, Pin and Lin, Hsin-Hui},
  title   = {A CUSTOMER LOYALTY MODEL FOR E-SERVICE CONTEXT},
  journal = {Journal of Electronic Commerce Research},
  year    = {2003},
  number  = {4},
  volume = {4},
  pages   = {156-167}
}
@misc{gdpr,
  author={Council of European Union},
  title={Council regulation ({EU}) no 2016/679},
  year={2016},
  note={\newline\url{https://eur-lex.europa.eu/legal-content/EN/TXT/?qid=1580048893476&uri=CELEX:32016R0679}},
}
@book{benkova,
  author = {Benková, Marta},
  title = {Štatistické metódy},
  year = {2012},
  publisher = {Technical University of Košice},
  pages   = {69 - 88}
}
@misc{hhmgenerate,
  author={MathWorks},
  title={Hidden Markov model states and emissions},
  year={2021},
  note={\newline\url{https://www.mathworks.com/help/stats/hmmgenerate.html}},
}
@misc{hhmviterbi,
  author={MathWorks},
  title={Hidden Markov model most probable state path},
  year={2021},
  note={\newline\url{https://www.mathworks.com/help/stats/hmmviterbi.html}},
}
@misc{livescript,
  author={MathWorks},
  title={What Is a Live Script or Function?},
  year={2021},
  note={\newline\url{https://www.mathworks.com/help/matlab/matlab_prog/what-is-a-live-script-or-function.html}},
}
